
@article{dropout14,
	author = {Nitish Srivastava and Geoffrey Hinton and Alex Krizhevsky and Ilya Sutskever and Ruslan Salakhutdinov},
	title = {Dropout:  A Simple Way to Prevent Neural Networks from
	Overfitting},
	journaltitle = {Journal of Machine Learning},
	date = {2014},
	volume = {15},
	url = {https://www.cs.toronto.edu/~hinton/absps/JMLRdropout.pdf},
}
